<?xml version="1.0" encoding="UTF-8"?><collection xmlns="http://www.loc.gov/MARC21/slim"><record><leader>00404nam--2200133-i-4500</leader><controlfield tag="001">000042406</controlfield><controlfield tag="002">20161230</controlfield><controlfield tag="005">20161230201043</controlfield><controlfield tag="008">060222s1000------------r-----000-0-eng-d</controlfield><datafield ind1=" " ind2=" " tag="080"><subfield code="a">778.38(043)</subfield></datafield><datafield ind1=" " ind2=" " tag="100"><subfield code="a">Spajer,Michel</subfield></datafield><datafield ind1=" " ind2=" " tag="245"><subfield code="a">Utilisation de deux faicceaux de reference en interferometrie holographique ultra-rapide. these</subfield></datafield><datafield ind1=" " ind2=" " tag="260"><subfield code="a">Paris, Orsay, L`Univ.De Paris-sud, 1975. 102 P</subfield></datafield><datafield ind1=" " ind2=" " tag="852"><subfield code="a">44156</subfield></datafield></record></collection>